<?xml version="1.0" encoding="UTF-8"?><record xmlns="http://www.loc.gov/MARC21/slim" xmlns:cinclude="http://apache.org/cocoon/include/1.0" xmlns:zs="http://www.loc.gov/zing/srw/">
  <leader>00453nz  a2200145n  4500</leader>
  <controlfield tag="001">no2009190005</controlfield>
  <controlfield tag="003">DLC</controlfield>
  <controlfield tag="005">20091127075125.0</controlfield>
  <controlfield tag="008">091124n| acannaabn          |n aaa     c</controlfield>
  <datafield tag="010" ind1=" " ind2=" ">
    <subfield code="a">no2009190005</subfield>
  </datafield>
  <datafield tag="035" ind1=" " ind2=" ">
    <subfield code="a">(OCoLC)oca08317942</subfield>
  </datafield>
  <datafield tag="040" ind1=" " ind2=" ">
    <subfield code="a">SaPrUSA</subfield>
    <subfield code="b">eng</subfield>
    <subfield code="c">SaPrUSA</subfield>
  </datafield>
  <datafield tag="100" ind1="1" ind2=" ">
    <subfield code="a">Snyder, Eugene K.,</subfield>
    <subfield code="d">1918-</subfield>
  </datafield>
  <datafield tag="670" ind1=" " ind2=" ">
    <subfield code="a">Cost accounting, c1975:</subfield>
    <subfield code="b">t.p. (Eugene K. Snyder)</subfield>
  </datafield>
  <datafield tag="670" ind1=" " ind2=" ">
    <subfield code="a">OCLC, Nov. 25, 2009</subfield>
    <subfield code="b">(hdg.: Snyder, Eugene K., 1918-; usage: Eugene K. Snyder)</subfield>
  </datafield>
</record>